<record><leader>00000cas a22000007a 4500</leader><controlfield tag="001">13241157</controlfield><controlfield tag="008">860305d18911945wvuwr ne      0    0eng d</controlfield><datafield ind1=" " ind2=" " tag="010"><subfield code="a">sn 86092329 </subfield></datafield><datafield ind1=" " ind2=" " tag="040"><subfield code="a">WVC</subfield><subfield code="b">eng</subfield><subfield code="c">WVC</subfield><subfield code="d">DLC</subfield><subfield code="d">OCL</subfield><subfield code="d">OCLCQ</subfield></datafield><datafield ind1=" " ind2=" " tag="042"><subfield code="a">msc</subfield></datafield><datafield ind1="0" ind2=" " tag="130"><subfield code="a">Grafton sentinel (Grafton, W. Va. : 1891 : Weekly)</subfield></datafield><datafield ind1="1" ind2="0" tag="245"><subfield code="a">Grafton sentinel.</subfield></datafield><datafield ind1=" " ind2=" " tag="260"><subfield code="a">Grafton, W. Va. :</subfield><subfield code="b">Sentinel Co.</subfield></datafield><datafield ind1=" " ind2=" " tag="300"><subfield code="a">v.</subfield></datafield><datafield ind1=" " ind2=" " tag="310"><subfield code="a">Weekly</subfield></datafield><datafield ind1="1" ind2=" " tag="362"><subfield code="a">Began in 1891?</subfield></datafield><datafield ind1="1" ind2=" " tag="362"><subfield code="a">Ceased in 1945?</subfield><subfield code="z">Cf. W. Va. Legislative Handbook.</subfield></datafield><datafield ind1=" " ind2=" " tag="500"><subfield code="a">Editor: Jas. W. Holt.</subfield></datafield><datafield ind1=" " ind2=" " tag="588"><subfield code="a">Description based on: Vol. 26, no. 1 (May 24, 1895).</subfield></datafield><datafield ind1=" " ind2=" " tag="752"><subfield code="a">United States</subfield><subfield code="b">West Virginia</subfield><subfield code="c">Taylor</subfield><subfield code="d">Grafton.</subfield></datafield><datafield ind1="1" ind2=" " tag="775"><subfield code="t">Grafton daily sentinel</subfield><subfield code="w">(DLC)sn 86092326</subfield></datafield><datafield ind1="0" ind2="0" tag="780"><subfield code="t">Grafton eagle-sentinel</subfield><subfield code="w">(DLC)sn 86092328</subfield></datafield></record>